%YAML 1.1
%TAG !u! tag:unity3d.com,2011:
--- !u!1 &2080366022
GameObject:
  m_ObjectHideFlags: 0
  m_CorrespondingSourceObject: {fileID: 0}
  m_PrefabInstance: {fileID: 0}
  m_PrefabAsset: {fileID: 0}
  serializedVersion: 6
  m_Component:
  - component: {fileID: 2080366023}
  m_Layer: 0
  m_Name: "\u91CD\u5FC3"
  m_TagString: Untagged
  m_Icon: {fileID: 0}
  m_NavMeshLayer: 0
  m_StaticEditorFlags: 0
  m_IsActive: 1
--- !u!4 &2080366023
Transform:
  m_ObjectHideFlags: 0
  m_CorrespondingSourceObject: {fileID: 0}
  m_PrefabInstance: {fileID: 0}
  m_PrefabAsset: {fileID: 0}
  m_GameObject: {fileID: 2080366022}
  m_LocalRotation: {x: 0, y: 0, z: 0, w: 1}
  m_LocalPosition: {x: 0.43, y: 0.85, z: 0}
  m_LocalScale: {x: 1, y: 1, z: 1}
  m_Children: []
  m_Father: {fileID: 5528439797653429130}
  m_RootOrder: 17
  m_LocalEulerAnglesHint: {x: 0, y: 0, z: 0}
--- !u!50 &555066082
Rigidbody2D:
  serializedVersion: 4
  m_ObjectHideFlags: 0
  m_CorrespondingSourceObject: {fileID: 0}
  m_PrefabInstance: {fileID: 0}
  m_PrefabAsset: {fileID: 0}
  m_GameObject: {fileID: 4665136391310379009}
  m_BodyType: 0
  m_Simulated: 1
  m_UseFullKinematicContacts: 0
  m_UseAutoMass: 0
  m_Mass: 1
  m_LinearDrag: 0
  m_AngularDrag: 0.05
  m_GravityScale: 4
  m_Material: {fileID: 0}
  m_Interpolate: 0
  m_SleepingMode: 1
  m_CollisionDetection: 1
  m_Constraints: 0
--- !u!70 &555066081
CapsuleCollider2D:
  m_ObjectHideFlags: 0
  m_CorrespondingSourceObject: {fileID: 0}
  m_PrefabInstance: {fileID: 0}
  m_PrefabAsset: {fileID: 0}
  m_GameObject: {fileID: 4665136391310379009}
  m_Enabled: 1
  m_Density: 1
  m_Material: {fileID: 0}
  m_IsTrigger: 0
  m_UsedByEffector: 0
  m_UsedByComposite: 0
  m_Offset: {x: 0.42745945, y: 0.21410675}
  m_Size: {x: 3.1858742, y: 0.4252201}
  m_Direction: 1
--- !u!70 &555066084
CapsuleCollider2D:
  m_ObjectHideFlags: 0
  m_CorrespondingSourceObject: {fileID: 0}
  m_PrefabInstance: {fileID: 0}
  m_PrefabAsset: {fileID: 0}
  m_GameObject: {fileID: 4665136391310379009}
  m_Enabled: 1
  m_Density: 1
  m_Material: {fileID: 0}
  m_IsTrigger: 0
  m_UsedByEffector: 0
  m_UsedByComposite: 0
  m_Offset: {x: 0.18499736, y: 2.237747}
  m_Size: {x: 3.1822777, y: 3.1822777}
  m_Direction: 1
--- !u!95 &555066079
Animator:
  serializedVersion: 3
  m_ObjectHideFlags: 0
  m_CorrespondingSourceObject: {fileID: 0}
  m_PrefabInstance: {fileID: 0}
  m_PrefabAsset: {fileID: 0}
  m_GameObject: {fileID: 4665136391310379009}
  m_Enabled: 1
  m_Avatar: {fileID: 0}
  m_Controller: {fileID: 9100000, guid: fd2b35fe04ea15a4b90e00ac30e3c2df, type: 2}
  m_CullingMode: 0
  m_UpdateMode: 0
  m_ApplyRootMotion: 0
  m_LinearVelocityBlending: 0
  m_WarningMessage: 
  m_HasTransformHierarchy: 1
  m_AllowConstantClipSamplingOptimization: 1
  m_KeepAnimatorControllerStateOnDisable: 0
--- !u!114 &555066083
MonoBehaviour:
  m_ObjectHideFlags: 0
  m_CorrespondingSourceObject: {fileID: 0}
  m_PrefabInstance: {fileID: 0}
  m_PrefabAsset: {fileID: 0}
  m_GameObject: {fileID: 4665136391310379009}
  m_Enabled: 1
  m_EditorHideFlags: 0
  m_Script: {fileID: 11500000, guid: 2872d233f9973da4eb8fbc2395d1c1ee, type: 3}
  m_Name: 
  m_EditorClassIdentifier: 
  rb: {fileID: 555066082}
  speedUpCoefficient: 30
  slowDownCoefficient: 20
  rotateCoefficient: 90
  _animator: {fileID: 555066079}
  ground:
    serializedVersion: 2
    m_Bits: 64
  centerOfMass: {fileID: 2080366023}
  samController: 0
  jieChuDian: {fileID: 0}
  jumpForce: 1
--- !u!1001 &4404659602770106027
PrefabInstance:
  m_ObjectHideFlags: 0
  serializedVersion: 2
  m_Modification:
    m_TransformParent: {fileID: 0}
    m_Modifications:
    - target: {fileID: -9179786444799070769, guid: 88295e93a032c4842b1aa7c88fe6c9a4, type: 3}
      propertyPath: m_LocalRotation.w
      value: 0.9878172
      objectReference: {fileID: 0}
    - target: {fileID: -9179786444799070769, guid: 88295e93a032c4842b1aa7c88fe6c9a4, type: 3}
      propertyPath: m_LocalRotation.x
      value: -0
      objectReference: {fileID: 0}
    - target: {fileID: -9179786444799070769, guid: 88295e93a032c4842b1aa7c88fe6c9a4, type: 3}
      propertyPath: m_LocalRotation.y
      value: -0
      objectReference: {fileID: 0}
    - target: {fileID: -9179786444799070769, guid: 88295e93a032c4842b1aa7c88fe6c9a4, type: 3}
      propertyPath: m_LocalRotation.z
      value: -0.15561871
      objectReference: {fileID: 0}
    - target: {fileID: -9179786444799070769, guid: 88295e93a032c4842b1aa7c88fe6c9a4, type: 3}
      propertyPath: m_LocalEulerAnglesHint.z
      value: -17.905
      objectReference: {fileID: 0}
    - target: {fileID: -9077120637884289192, guid: 88295e93a032c4842b1aa7c88fe6c9a4, type: 3}
      propertyPath: m_LocalPosition.x
      value: 1.0355349
      objectReference: {fileID: 0}
    - target: {fileID: -9077120637884289192, guid: 88295e93a032c4842b1aa7c88fe6c9a4, type: 3}
      propertyPath: m_LocalPosition.y
      value: 0.29084948
      objectReference: {fileID: 0}
    - target: {fileID: -9077120637884289192, guid: 88295e93a032c4842b1aa7c88fe6c9a4, type: 3}
      propertyPath: m_LocalRotation.w
      value: 0.9854079
      objectReference: {fileID: 0}
    - target: {fileID: -9077120637884289192, guid: 88295e93a032c4842b1aa7c88fe6c9a4, type: 3}
      propertyPath: m_LocalRotation.x
      value: 0
      objectReference: {fileID: 0}
    - target: {fileID: -9077120637884289192, guid: 88295e93a032c4842b1aa7c88fe6c9a4, type: 3}
      propertyPath: m_LocalRotation.y
      value: 0
      objectReference: {fileID: 0}
    - target: {fileID: -9077120637884289192, guid: 88295e93a032c4842b1aa7c88fe6c9a4, type: 3}
      propertyPath: m_LocalRotation.z
      value: -0.17020963
      objectReference: {fileID: 0}
    - target: {fileID: -9077120637884289192, guid: 88295e93a032c4842b1aa7c88fe6c9a4, type: 3}
      propertyPath: m_LocalEulerAnglesHint.z
      value: 0
      objectReference: {fileID: 0}
    - target: {fileID: -7860914650475143436, guid: 88295e93a032c4842b1aa7c88fe6c9a4, type: 3}
      propertyPath: m_LocalRotation.w
      value: 0.6176833
      objectReference: {fileID: 0}
    - target: {fileID: -7860914650475143436, guid: 88295e93a032c4842b1aa7c88fe6c9a4, type: 3}
      propertyPath: m_LocalRotation.x
      value: 0
      objectReference: {fileID: 0}
    - target: {fileID: -7860914650475143436, guid: 88295e93a032c4842b1aa7c88fe6c9a4, type: 3}
      propertyPath: m_LocalRotation.z
      value: -0.786427
      objectReference: {fileID: 0}
    - target: {fileID: -7860914650475143436, guid: 88295e93a032c4842b1aa7c88fe6c9a4, type: 3}
      propertyPath: m_LocalEulerAnglesHint.z
      value: 0
      objectReference: {fileID: 0}
    - target: {fileID: -7844418692885927095, guid: 88295e93a032c4842b1aa7c88fe6c9a4, type: 3}
      propertyPath: m_SortingLayer
      value: 0
      objectReference: {fileID: 0}
    - target: {fileID: -7844418692885927095, guid: 88295e93a032c4842b1aa7c88fe6c9a4, type: 3}
      propertyPath: m_SortingLayerID
      value: 0
      objectReference: {fileID: 0}
    - target: {fileID: -7844418692885927095, guid: 88295e93a032c4842b1aa7c88fe6c9a4, type: 3}
      propertyPath: m_Materials.Array.data[0]
      value: 
      objectReference: {fileID: 2100000, guid: a97c105638bdf8b4a8650670310a4cd3, type: 2}
    - target: {fileID: -7536099684884371755, guid: 88295e93a032c4842b1aa7c88fe6c9a4, type: 3}
      propertyPath: m_Bounds.m_Center.x
      value: 0.00037407875
      objectReference: {fileID: 0}
    - target: {fileID: -7536099684884371755, guid: 88295e93a032c4842b1aa7c88fe6c9a4, type: 3}
      propertyPath: m_Bounds.m_Center.y
      value: 0.0026459694
      objectReference: {fileID: 0}
    - target: {fileID: -7536099684884371755, guid: 88295e93a032c4842b1aa7c88fe6c9a4, type: 3}
      propertyPath: m_Bounds.m_Extent.x
      value: 1.1156262
      objectReference: {fileID: 0}
    - target: {fileID: -7536099684884371755, guid: 88295e93a032c4842b1aa7c88fe6c9a4, type: 3}
      propertyPath: m_Bounds.m_Extent.y
      value: 0.552942
      objectReference: {fileID: 0}
    - target: {fileID: -6894190910655575350, guid: 88295e93a032c4842b1aa7c88fe6c9a4, type: 3}
      propertyPath: m_Bounds.m_Center.x
      value: 0
      objectReference: {fileID: 0}
    - target: {fileID: -6894190910655575350, guid: 88295e93a032c4842b1aa7c88fe6c9a4, type: 3}
      propertyPath: m_Bounds.m_Center.y
      value: 0.002147913
      objectReference: {fileID: 0}
    - target: {fileID: -6894190910655575350, guid: 88295e93a032c4842b1aa7c88fe6c9a4, type: 3}
      propertyPath: m_Bounds.m_Extent.x
      value: 1.1160003
      objectReference: {fileID: 0}
    - target: {fileID: -6894190910655575350, guid: 88295e93a032c4842b1aa7c88fe6c9a4, type: 3}
      propertyPath: m_Bounds.m_Extent.y
      value: 0.55235994
      objectReference: {fileID: 0}
    - target: {fileID: -6772813026587898745, guid: 88295e93a032c4842b1aa7c88fe6c9a4, type: 3}
      propertyPath: m_SortingLayer
      value: 0
      objectReference: {fileID: 0}
    - target: {fileID: -6772813026587898745, guid: 88295e93a032c4842b1aa7c88fe6c9a4, type: 3}
      propertyPath: m_SortingLayerID
      value: 0
      objectReference: {fileID: 0}
    - target: {fileID: -6772813026587898745, guid: 88295e93a032c4842b1aa7c88fe6c9a4, type: 3}
      propertyPath: m_Materials.Array.data[0]
      value: 
      objectReference: {fileID: 2100000, guid: a97c105638bdf8b4a8650670310a4cd3, type: 2}
    - target: {fileID: -6759710168825069477, guid: 88295e93a032c4842b1aa7c88fe6c9a4, type: 3}
      propertyPath: m_IsActive
      value: 1
      objectReference: {fileID: 0}
    - target: {fileID: -6725529506570926604, guid: 88295e93a032c4842b1aa7c88fe6c9a4, type: 3}
      propertyPath: m_LocalPosition.x
      value: 0.9911231
      objectReference: {fileID: 0}
    - target: {fileID: -6725529506570926604, guid: 88295e93a032c4842b1aa7c88fe6c9a4, type: 3}
      propertyPath: m_LocalRotation.w
      value: 0.9900015
      objectReference: {fileID: 0}
    - target: {fileID: -6725529506570926604, guid: 88295e93a032c4842b1aa7c88fe6c9a4, type: 3}
      propertyPath: m_LocalRotation.x
      value: 0
      objectReference: {fileID: 0}
    - target: {fileID: -6725529506570926604, guid: 88295e93a032c4842b1aa7c88fe6c9a4, type: 3}
      propertyPath: m_LocalRotation.y
      value: 0
      objectReference: {fileID: 0}
    - target: {fileID: -6725529506570926604, guid: 88295e93a032c4842b1aa7c88fe6c9a4, type: 3}
      propertyPath: m_LocalRotation.z
      value: -0.1410571
      objectReference: {fileID: 0}
    - target: {fileID: -6725529506570926604, guid: 88295e93a032c4842b1aa7c88fe6c9a4, type: 3}
      propertyPath: m_LocalEulerAnglesHint.z
      value: 0
      objectReference: {fileID: 0}
    - target: {fileID: -6666915876183615123, guid: 88295e93a032c4842b1aa7c88fe6c9a4, type: 3}
      propertyPath: m_SortingLayer
      value: 0
      objectReference: {fileID: 0}
    - target: {fileID: -6666915876183615123, guid: 88295e93a032c4842b1aa7c88fe6c9a4, type: 3}
      propertyPath: m_SortingLayerID
      value: 0
      objectReference: {fileID: 0}
    - target: {fileID: -6666915876183615123, guid: 88295e93a032c4842b1aa7c88fe6c9a4, type: 3}
      propertyPath: m_Materials.Array.data[0]
      value: 
      objectReference: {fileID: 2100000, guid: a97c105638bdf8b4a8650670310a4cd3, type: 2}
    - target: {fileID: -6004125426068594722, guid: 88295e93a032c4842b1aa7c88fe6c9a4, type: 3}
      propertyPath: m_LocalPosition.x
      value: 0.4757882
      objectReference: {fileID: 0}
    - target: {fileID: -6004125426068594722, guid: 88295e93a032c4842b1aa7c88fe6c9a4, type: 3}
      propertyPath: m_LocalPosition.y
      value: -0.9172254
      objectReference: {fileID: 0}
    - target: {fileID: -6004125426068594722, guid: 88295e93a032c4842b1aa7c88fe6c9a4, type: 3}
      propertyPath: m_LocalRotation.w
      value: 0.5740917
      objectReference: {fileID: 0}
    - target: {fileID: -6004125426068594722, guid: 88295e93a032c4842b1aa7c88fe6c9a4, type: 3}
      propertyPath: m_LocalRotation.x
      value: 0
      objectReference: {fileID: 0}
    - target: {fileID: -6004125426068594722, guid: 88295e93a032c4842b1aa7c88fe6c9a4, type: 3}
      propertyPath: m_LocalRotation.y
      value: 0
      objectReference: {fileID: 0}
    - target: {fileID: -6004125426068594722, guid: 88295e93a032c4842b1aa7c88fe6c9a4, type: 3}
      propertyPath: m_LocalRotation.z
      value: -0.818791
      objectReference: {fileID: 0}
    - target: {fileID: -6004125426068594722, guid: 88295e93a032c4842b1aa7c88fe6c9a4, type: 3}
      propertyPath: m_LocalEulerAnglesHint.z
      value: 0
      objectReference: {fileID: 0}
    - target: {fileID: -5675340048892162727, guid: 88295e93a032c4842b1aa7c88fe6c9a4, type: 3}
      propertyPath: m_LocalPosition.x
      value: -0.20513833
      objectReference: {fileID: 0}
    - target: {fileID: -5675340048892162727, guid: 88295e93a032c4842b1aa7c88fe6c9a4, type: 3}
      propertyPath: m_LocalPosition.y
      value: -0.03257828
      objectReference: {fileID: 0}
    - target: {fileID: -5675340048892162727, guid: 88295e93a032c4842b1aa7c88fe6c9a4, type: 3}
      propertyPath: m_LocalRotation.w
      value: 0.012433165
      objectReference: {fileID: 0}
    - target: {fileID: -5675340048892162727, guid: 88295e93a032c4842b1aa7c88fe6c9a4, type: 3}
      propertyPath: m_LocalRotation.x
      value: 0
      objectReference: {fileID: 0}
    - target: {fileID: -5675340048892162727, guid: 88295e93a032c4842b1aa7c88fe6c9a4, type: 3}
      propertyPath: m_LocalRotation.z
      value: -0.99992275
      objectReference: {fileID: 0}
    - target: {fileID: -5675340048892162727, guid: 88295e93a032c4842b1aa7c88fe6c9a4, type: 3}
      propertyPath: m_LocalEulerAnglesHint.z
      value: 0
      objectReference: {fileID: 0}
    - target: {fileID: -5247856418405647318, guid: 88295e93a032c4842b1aa7c88fe6c9a4, type: 3}
      propertyPath: m_LocalPosition.x
      value: 0.7906294
      objectReference: {fileID: 0}
    - target: {fileID: -5247856418405647318, guid: 88295e93a032c4842b1aa7c88fe6c9a4, type: 3}
      propertyPath: m_LocalPosition.y
      value: 0.1869247
      objectReference: {fileID: 0}
    - target: {fileID: -5247856418405647318, guid: 88295e93a032c4842b1aa7c88fe6c9a4, type: 3}
      propertyPath: m_LocalRotation.w
      value: 0.210183
      objectReference: {fileID: 0}
    - target: {fileID: -5247856418405647318, guid: 88295e93a032c4842b1aa7c88fe6c9a4, type: 3}
      propertyPath: m_LocalRotation.x
      value: 0
      objectReference: {fileID: 0}
    - target: {fileID: -5247856418405647318, guid: 88295e93a032c4842b1aa7c88fe6c9a4, type: 3}
      propertyPath: m_LocalRotation.y
      value: 0
      objectReference: {fileID: 0}
    - target: {fileID: -5247856418405647318, guid: 88295e93a032c4842b1aa7c88fe6c9a4, type: 3}
      propertyPath: m_LocalRotation.z
      value: 0.9776621
      objectReference: {fileID: 0}
    - target: {fileID: -5247856418405647318, guid: 88295e93a032c4842b1aa7c88fe6c9a4, type: 3}
      propertyPath: m_LocalEulerAnglesHint.z
      value: 0
      objectReference: {fileID: 0}
    - target: {fileID: -4826578970451577268, guid: 88295e93a032c4842b1aa7c88fe6c9a4, type: 3}
      propertyPath: m_Bounds.m_Center.x
      value: 0.0019279718
      objectReference: {fileID: 0}
    - target: {fileID: -4826578970451577268, guid: 88295e93a032c4842b1aa7c88fe6c9a4, type: 3}
      propertyPath: m_Bounds.m_Center.y
      value: 0.000752151
      objectReference: {fileID: 0}
    - target: {fileID: -4826578970451577268, guid: 88295e93a032c4842b1aa7c88fe6c9a4, type: 3}
      propertyPath: m_Bounds.m_Extent.x
      value: 0.276928
      objectReference: {fileID: 0}
    - target: {fileID: -4826578970451577268, guid: 88295e93a032c4842b1aa7c88fe6c9a4, type: 3}
      propertyPath: m_Bounds.m_Extent.y
      value: 0.29775602
      objectReference: {fileID: 0}
    - target: {fileID: -4765222005493985822, guid: 88295e93a032c4842b1aa7c88fe6c9a4, type: 3}
      propertyPath: m_Bounds.m_Center.x
      value: 0.002663955
      objectReference: {fileID: 0}
    - target: {fileID: -4765222005493985822, guid: 88295e93a032c4842b1aa7c88fe6c9a4, type: 3}
      propertyPath: m_Bounds.m_Center.y
      value: 0.0019601882
      objectReference: {fileID: 0}
    - target: {fileID: -4765222005493985822, guid: 88295e93a032c4842b1aa7c88fe6c9a4, type: 3}
      propertyPath: m_Bounds.m_Extent.y
      value: 0.27333185
      objectReference: {fileID: 0}
    - target: {fileID: -4486710163241330635, guid: 88295e93a032c4842b1aa7c88fe6c9a4, type: 3}
      propertyPath: m_LocalRotation.w
      value: 0.98451966
      objectReference: {fileID: 0}
    - target: {fileID: -4486710163241330635, guid: 88295e93a032c4842b1aa7c88fe6c9a4, type: 3}
      propertyPath: m_LocalRotation.x
      value: 0
      objectReference: {fileID: 0}
    - target: {fileID: -4486710163241330635, guid: 88295e93a032c4842b1aa7c88fe6c9a4, type: 3}
      propertyPath: m_LocalRotation.y
      value: 0
      objectReference: {fileID: 0}
    - target: {fileID: -4486710163241330635, guid: 88295e93a032c4842b1aa7c88fe6c9a4, type: 3}
      propertyPath: m_LocalRotation.z
      value: -0.17527428
      objectReference: {fileID: 0}
    - target: {fileID: -4486710163241330635, guid: 88295e93a032c4842b1aa7c88fe6c9a4, type: 3}
      propertyPath: m_LocalEulerAnglesHint.z
      value: 0
      objectReference: {fileID: 0}
    - target: {fileID: -3785882834538166736, guid: 88295e93a032c4842b1aa7c88fe6c9a4, type: 3}
      propertyPath: m_LocalPosition.x
      value: 0.007646581
      objectReference: {fileID: 0}
    - target: {fileID: -3785882834538166736, guid: 88295e93a032c4842b1aa7c88fe6c9a4, type: 3}
      propertyPath: m_LocalRotation.w
      value: 0.6801749
      objectReference: {fileID: 0}
    - target: {fileID: -3785882834538166736, guid: 88295e93a032c4842b1aa7c88fe6c9a4, type: 3}
      propertyPath: m_LocalRotation.x
      value: 0
      objectReference: {fileID: 0}
    - target: {fileID: -3785882834538166736, guid: 88295e93a032c4842b1aa7c88fe6c9a4, type: 3}
      propertyPath: m_LocalRotation.y
      value: 0
      objectReference: {fileID: 0}
    - target: {fileID: -3785882834538166736, guid: 88295e93a032c4842b1aa7c88fe6c9a4, type: 3}
      propertyPath: m_LocalRotation.z
      value: 0.7330499
      objectReference: {fileID: 0}
    - target: {fileID: -3785882834538166736, guid: 88295e93a032c4842b1aa7c88fe6c9a4, type: 3}
      propertyPath: m_LocalEulerAnglesHint.z
      value: 0
      objectReference: {fileID: 0}
    - target: {fileID: -3727258184258383891, guid: 88295e93a032c4842b1aa7c88fe6c9a4, type: 3}
      propertyPath: m_LocalPosition.x
      value: -0.2239707
      objectReference: {fileID: 0}
    - target: {fileID: -3727258184258383891, guid: 88295e93a032c4842b1aa7c88fe6c9a4, type: 3}
      propertyPath: m_LocalPosition.y
      value: -0.09370299
      objectReference: {fileID: 0}
    - target: {fileID: -3727258184258383891, guid: 88295e93a032c4842b1aa7c88fe6c9a4, type: 3}
      propertyPath: m_LocalRotation.w
      value: 0
      objectReference: {fileID: 0}
    - target: {fileID: -3727258184258383891, guid: 88295e93a032c4842b1aa7c88fe6c9a4, type: 3}
      propertyPath: m_LocalRotation.x
      value: 0
      objectReference: {fileID: 0}
    - target: {fileID: -3727258184258383891, guid: 88295e93a032c4842b1aa7c88fe6c9a4, type: 3}
      propertyPath: m_LocalRotation.y
      value: 0
      objectReference: {fileID: 0}
    - target: {fileID: -3727258184258383891, guid: 88295e93a032c4842b1aa7c88fe6c9a4, type: 3}
      propertyPath: m_LocalRotation.z
      value: -1
      objectReference: {fileID: 0}
    - target: {fileID: -3727258184258383891, guid: 88295e93a032c4842b1aa7c88fe6c9a4, type: 3}
      propertyPath: m_LocalEulerAnglesHint.z
      value: -180.333
      objectReference: {fileID: 0}
    - target: {fileID: -3704343874849750330, guid: 88295e93a032c4842b1aa7c88fe6c9a4, type: 3}
      propertyPath: m_Bounds.m_Center.x
      value: 0.00097472966
      objectReference: {fileID: 0}
    - target: {fileID: -3704343874849750330, guid: 88295e93a032c4842b1aa7c88fe6c9a4, type: 3}
      propertyPath: m_Bounds.m_Center.y
      value: 0.0011320859
      objectReference: {fileID: 0}
    - target: {fileID: -3704343874849750330, guid: 88295e93a032c4842b1aa7c88fe6c9a4, type: 3}
      propertyPath: m_Bounds.m_Extent.x
      value: 0.09197001
      objectReference: {fileID: 0}
    - target: {fileID: -3704343874849750330, guid: 88295e93a032c4842b1aa7c88fe6c9a4, type: 3}
      propertyPath: m_Bounds.m_Extent.y
      value: 0.2011041
      objectReference: {fileID: 0}
    - target: {fileID: -3602188570812114821, guid: 88295e93a032c4842b1aa7c88fe6c9a4, type: 3}
      propertyPath: m_Bounds.m_Center.x
      value: 0.0009999983
      objectReference: {fileID: 0}
    - target: {fileID: -3602188570812114821, guid: 88295e93a032c4842b1aa7c88fe6c9a4, type: 3}
      propertyPath: m_Bounds.m_Center.y
      value: 0.002000004
      objectReference: {fileID: 0}
    - target: {fileID: -3602188570812114821, guid: 88295e93a032c4842b1aa7c88fe6c9a4, type: 3}
      propertyPath: m_Bounds.m_Extent.y
      value: 0.07800004
      objectReference: {fileID: 0}
    - target: {fileID: -3393340844314950274, guid: 88295e93a032c4842b1aa7c88fe6c9a4, type: 3}
      propertyPath: m_SortingLayer
      value: 0
      objectReference: {fileID: 0}
    - target: {fileID: -3393340844314950274, guid: 88295e93a032c4842b1aa7c88fe6c9a4, type: 3}
      propertyPath: m_SortingLayerID
      value: 0
      objectReference: {fileID: 0}
    - target: {fileID: -3393340844314950274, guid: 88295e93a032c4842b1aa7c88fe6c9a4, type: 3}
      propertyPath: m_Materials.Array.data[0]
      value: 
      objectReference: {fileID: 2100000, guid: a97c105638bdf8b4a8650670310a4cd3, type: 2}
    - target: {fileID: -3340489054411725540, guid: 88295e93a032c4842b1aa7c88fe6c9a4, type: 3}
      propertyPath: m_LocalPosition.x
      value: 0.3674049
      objectReference: {fileID: 0}
    - target: {fileID: -3340489054411725540, guid: 88295e93a032c4842b1aa7c88fe6c9a4, type: 3}
      propertyPath: m_LocalPosition.y
      value: 2.765919e-10
      objectReference: {fileID: 0}
    - target: {fileID: -3340489054411725540, guid: 88295e93a032c4842b1aa7c88fe6c9a4, type: 3}
      propertyPath: m_LocalRotation.w
      value: 0.9973602
      objectReference: {fileID: 0}
    - target: {fileID: -3340489054411725540, guid: 88295e93a032c4842b1aa7c88fe6c9a4, type: 3}
      propertyPath: m_LocalRotation.x
      value: 0
      objectReference: {fileID: 0}
    - target: {fileID: -3340489054411725540, guid: 88295e93a032c4842b1aa7c88fe6c9a4, type: 3}
      propertyPath: m_LocalRotation.y
      value: 0
      objectReference: {fileID: 0}
    - target: {fileID: -3340489054411725540, guid: 88295e93a032c4842b1aa7c88fe6c9a4, type: 3}
      propertyPath: m_LocalRotation.z
      value: 0.07261389
      objectReference: {fileID: 0}
    - target: {fileID: -3340489054411725540, guid: 88295e93a032c4842b1aa7c88fe6c9a4, type: 3}
      propertyPath: m_LocalEulerAnglesHint.z
      value: 0
      objectReference: {fileID: 0}
    - target: {fileID: -2623708997162206936, guid: 88295e93a032c4842b1aa7c88fe6c9a4, type: 3}
      propertyPath: m_Bounds.m_Center.x
      value: 0.003183961
      objectReference: {fileID: 0}
    - target: {fileID: -2623708997162206936, guid: 88295e93a032c4842b1aa7c88fe6c9a4, type: 3}
      propertyPath: m_Bounds.m_Center.y
      value: 0.00082200766
      objectReference: {fileID: 0}
    - target: {fileID: -2623708997162206936, guid: 88295e93a032c4842b1aa7c88fe6c9a4, type: 3}
      propertyPath: m_Bounds.m_Extent.y
      value: 0.8551784
      objectReference: {fileID: 0}
    - target: {fileID: -1810564126429211745, guid: 88295e93a032c4842b1aa7c88fe6c9a4, type: 3}
      propertyPath: m_IsActive
      value: 1
      objectReference: {fileID: 0}
    - target: {fileID: -1629724656151890232, guid: 88295e93a032c4842b1aa7c88fe6c9a4, type: 3}
      propertyPath: m_Bounds.m_Center.x
      value: 0.00030604005
      objectReference: {fileID: 0}
    - target: {fileID: -1629724656151890232, guid: 88295e93a032c4842b1aa7c88fe6c9a4, type: 3}
      propertyPath: m_Bounds.m_Center.y
      value: 0.0013401806
      objectReference: {fileID: 0}
    - target: {fileID: -1514890651061369426, guid: 88295e93a032c4842b1aa7c88fe6c9a4, type: 3}
      propertyPath: m_LocalPosition.x
      value: -0.060132
      objectReference: {fileID: 0}
    - target: {fileID: -1514890651061369426, guid: 88295e93a032c4842b1aa7c88fe6c9a4, type: 3}
      propertyPath: m_LocalPosition.y
      value: -0.05
      objectReference: {fileID: 0}
    - target: {fileID: -1514890651061369426, guid: 88295e93a032c4842b1aa7c88fe6c9a4, type: 3}
      propertyPath: m_LocalRotation.w
      value: 0.02966625
      objectReference: {fileID: 0}
    - target: {fileID: -1514890651061369426, guid: 88295e93a032c4842b1aa7c88fe6c9a4, type: 3}
      propertyPath: m_LocalRotation.x
      value: 0
      objectReference: {fileID: 0}
    - target: {fileID: -1514890651061369426, guid: 88295e93a032c4842b1aa7c88fe6c9a4, type: 3}
      propertyPath: m_LocalRotation.y
      value: 0
      objectReference: {fileID: 0}
    - target: {fileID: -1514890651061369426, guid: 88295e93a032c4842b1aa7c88fe6c9a4, type: 3}
      propertyPath: m_LocalRotation.z
      value: 0.9995599
      objectReference: {fileID: 0}
    - target: {fileID: -1514890651061369426, guid: 88295e93a032c4842b1aa7c88fe6c9a4, type: 3}
      propertyPath: m_LocalEulerAnglesHint.z
      value: 176.6
      objectReference: {fileID: 0}
    - target: {fileID: -1415508751462447494, guid: 88295e93a032c4842b1aa7c88fe6c9a4, type: 3}
      propertyPath: m_LocalRotation.w
      value: 0.21018301
      objectReference: {fileID: 0}
    - target: {fileID: -1415508751462447494, guid: 88295e93a032c4842b1aa7c88fe6c9a4, type: 3}
      propertyPath: m_LocalRotation.x
      value: 0
      objectReference: {fileID: 0}
    - target: {fileID: -1415508751462447494, guid: 88295e93a032c4842b1aa7c88fe6c9a4, type: 3}
      propertyPath: m_LocalRotation.z
      value: 0.9776621
      objectReference: {fileID: 0}
    - target: {fileID: -1415508751462447494, guid: 88295e93a032c4842b1aa7c88fe6c9a4, type: 3}
      propertyPath: m_LocalEulerAnglesHint.z
      value: 0
      objectReference: {fileID: 0}
    - target: {fileID: -543104245155399919, guid: 88295e93a032c4842b1aa7c88fe6c9a4, type: 3}
      propertyPath: m_SortingLayer
      value: 0
      objectReference: {fileID: 0}
    - target: {fileID: -543104245155399919, guid: 88295e93a032c4842b1aa7c88fe6c9a4, type: 3}
      propertyPath: m_SortingLayerID
      value: 0
      objectReference: {fileID: 0}
    - target: {fileID: -543104245155399919, guid: 88295e93a032c4842b1aa7c88fe6c9a4, type: 3}
      propertyPath: m_Materials.Array.data[0]
      value: 
      objectReference: {fileID: 2100000, guid: a97c105638bdf8b4a8650670310a4cd3, type: 2}
    - target: {fileID: -90050077048892003, guid: 88295e93a032c4842b1aa7c88fe6c9a4, type: 3}
      propertyPath: m_LocalRotation.w
      value: 0.023735039
      objectReference: {fileID: 0}
    - target: {fileID: -90050077048892003, guid: 88295e93a032c4842b1aa7c88fe6c9a4, type: 3}
      propertyPath: m_LocalRotation.x
      value: 0
      objectReference: {fileID: 0}
    - target: {fileID: -90050077048892003, guid: 88295e93a032c4842b1aa7c88fe6c9a4, type: 3}
      propertyPath: m_LocalRotation.z
      value: 0.9997183
      objectReference: {fileID: 0}
    - target: {fileID: -90050077048892003, guid: 88295e93a032c4842b1aa7c88fe6c9a4, type: 3}
      propertyPath: m_LocalEulerAnglesHint.z
      value: 0
      objectReference: {fileID: 0}
    - target: {fileID: 948060267360676067, guid: 88295e93a032c4842b1aa7c88fe6c9a4, type: 3}
      propertyPath: m_SortingLayer
      value: 0
      objectReference: {fileID: 0}
    - target: {fileID: 948060267360676067, guid: 88295e93a032c4842b1aa7c88fe6c9a4, type: 3}
      propertyPath: m_SortingLayerID
      value: 0
      objectReference: {fileID: 0}
    - target: {fileID: 948060267360676067, guid: 88295e93a032c4842b1aa7c88fe6c9a4, type: 3}
      propertyPath: m_Materials.Array.data[0]
      value: 
      objectReference: {fileID: 2100000, guid: a97c105638bdf8b4a8650670310a4cd3, type: 2}
    - target: {fileID: 1238511328478420205, guid: 88295e93a032c4842b1aa7c88fe6c9a4, type: 3}
      propertyPath: m_LocalRotation.w
      value: 0.68017495
      objectReference: {fileID: 0}
    - target: {fileID: 1238511328478420205, guid: 88295e93a032c4842b1aa7c88fe6c9a4, type: 3}
      propertyPath: m_LocalRotation.x
      value: 0
      objectReference: {fileID: 0}
    - target: {fileID: 1238511328478420205, guid: 88295e93a032c4842b1aa7c88fe6c9a4, type: 3}
      propertyPath: m_LocalRotation.z
      value: 0.73304987
      objectReference: {fileID: 0}
    - target: {fileID: 1238511328478420205, guid: 88295e93a032c4842b1aa7c88fe6c9a4, type: 3}
      propertyPath: m_LocalEulerAnglesHint.z
      value: 0
      objectReference: {fileID: 0}
    - target: {fileID: 1678693390733450463, guid: 88295e93a032c4842b1aa7c88fe6c9a4, type: 3}
      propertyPath: m_Enabled
      value: 1
      objectReference: {fileID: 0}
    - target: {fileID: 1678693390733450463, guid: 88295e93a032c4842b1aa7c88fe6c9a4, type: 3}
      propertyPath: m_AlwaysUpdate
      value: 1
      objectReference: {fileID: 0}
    - target: {fileID: 1678693390733450463, guid: 88295e93a032c4842b1aa7c88fe6c9a4, type: 3}
      propertyPath: m_Bounds.m_Center.x
      value: 0.00019443035
      objectReference: {fileID: 0}
    - target: {fileID: 1678693390733450463, guid: 88295e93a032c4842b1aa7c88fe6c9a4, type: 3}
      propertyPath: m_Bounds.m_Center.y
      value: 0.0010700226
      objectReference: {fileID: 0}
    - target: {fileID: 1678693390733450463, guid: 88295e93a032c4842b1aa7c88fe6c9a4, type: 3}
      propertyPath: m_Bounds.m_Extent.x
      value: 1.2112904
      objectReference: {fileID: 0}
    - target: {fileID: 1678693390733450463, guid: 88295e93a032c4842b1aa7c88fe6c9a4, type: 3}
      propertyPath: m_Bounds.m_Extent.y
      value: 1.62493
      objectReference: {fileID: 0}
    - target: {fileID: 2428175506039713421, guid: 88295e93a032c4842b1aa7c88fe6c9a4, type: 3}
      propertyPath: m_Bounds.m_Center.x
      value: 0.046682358
      objectReference: {fileID: 0}
    - target: {fileID: 2428175506039713421, guid: 88295e93a032c4842b1aa7c88fe6c9a4, type: 3}
      propertyPath: m_Bounds.m_Center.y
      value: 0.0026022345
      objectReference: {fileID: 0}
    - target: {fileID: 2428175506039713421, guid: 88295e93a032c4842b1aa7c88fe6c9a4, type: 3}
      propertyPath: m_Bounds.m_Extent.x
      value: 1.5576754
      objectReference: {fileID: 0}
    - target: {fileID: 2428175506039713421, guid: 88295e93a032c4842b1aa7c88fe6c9a4, type: 3}
      propertyPath: m_Bounds.m_Extent.y
      value: 0.24113266
      objectReference: {fileID: 0}
    - target: {fileID: 2492440913149097702, guid: 88295e93a032c4842b1aa7c88fe6c9a4, type: 3}
      propertyPath: m_Bounds.m_Center.x
      value: 0.14265883
      objectReference: {fileID: 0}
    - target: {fileID: 2492440913149097702, guid: 88295e93a032c4842b1aa7c88fe6c9a4, type: 3}
      propertyPath: m_Bounds.m_Center.y
      value: 0.028797582
      objectReference: {fileID: 0}
    - target: {fileID: 2492440913149097702, guid: 88295e93a032c4842b1aa7c88fe6c9a4, type: 3}
      propertyPath: m_Bounds.m_Extent.x
      value: 1.5570065
      objectReference: {fileID: 0}
    - target: {fileID: 2492440913149097702, guid: 88295e93a032c4842b1aa7c88fe6c9a4, type: 3}
      propertyPath: m_Bounds.m_Extent.y
      value: 0.20589335
      objectReference: {fileID: 0}
    - target: {fileID: 3061797684555182755, guid: 88295e93a032c4842b1aa7c88fe6c9a4, type: 3}
      propertyPath: m_SortingLayer
      value: 0
      objectReference: {fileID: 0}
    - target: {fileID: 3061797684555182755, guid: 88295e93a032c4842b1aa7c88fe6c9a4, type: 3}
      propertyPath: m_SortingLayerID
      value: 0
      objectReference: {fileID: 0}
    - target: {fileID: 3061797684555182755, guid: 88295e93a032c4842b1aa7c88fe6c9a4, type: 3}
      propertyPath: m_Materials.Array.data[0]
      value: 
      objectReference: {fileID: 2100000, guid: a97c105638bdf8b4a8650670310a4cd3, type: 2}
    - target: {fileID: 3181463592881305600, guid: 88295e93a032c4842b1aa7c88fe6c9a4, type: 3}
      propertyPath: m_LocalPosition.x
      value: 0.36740488
      objectReference: {fileID: 0}
    - target: {fileID: 3181463592881305600, guid: 88295e93a032c4842b1aa7c88fe6c9a4, type: 3}
      propertyPath: m_LocalPosition.y
      value: 2.765919e-10
      objectReference: {fileID: 0}
    - target: {fileID: 3181463592881305600, guid: 88295e93a032c4842b1aa7c88fe6c9a4, type: 3}
      propertyPath: m_LocalRotation.w
      value: 0.99736017
      objectReference: {fileID: 0}
    - target: {fileID: 3181463592881305600, guid: 88295e93a032c4842b1aa7c88fe6c9a4, type: 3}
      propertyPath: m_LocalRotation.x
      value: 0
      objectReference: {fileID: 0}
    - target: {fileID: 3181463592881305600, guid: 88295e93a032c4842b1aa7c88fe6c9a4, type: 3}
      propertyPath: m_LocalRotation.y
      value: 0
      objectReference: {fileID: 0}
    - target: {fileID: 3181463592881305600, guid: 88295e93a032c4842b1aa7c88fe6c9a4, type: 3}
      propertyPath: m_LocalRotation.z
      value: 0.07261389
      objectReference: {fileID: 0}
    - target: {fileID: 3181463592881305600, guid: 88295e93a032c4842b1aa7c88fe6c9a4, type: 3}
      propertyPath: m_LocalEulerAnglesHint.z
      value: 0
      objectReference: {fileID: 0}
    - target: {fileID: 3321646112125726106, guid: 88295e93a032c4842b1aa7c88fe6c9a4, type: 3}
      propertyPath: m_Bounds.m_Center.x
      value: 0.06690392
      objectReference: {fileID: 0}
    - target: {fileID: 3321646112125726106, guid: 88295e93a032c4842b1aa7c88fe6c9a4, type: 3}
      propertyPath: m_Bounds.m_Center.y
      value: -0.02678594
      objectReference: {fileID: 0}
    - target: {fileID: 3321646112125726106, guid: 88295e93a032c4842b1aa7c88fe6c9a4, type: 3}
      propertyPath: m_Bounds.m_Extent.x
      value: 0.44674078
      objectReference: {fileID: 0}
    - target: {fileID: 3321646112125726106, guid: 88295e93a032c4842b1aa7c88fe6c9a4, type: 3}
      propertyPath: m_Bounds.m_Extent.y
      value: 0.41677177
      objectReference: {fileID: 0}
    - target: {fileID: 3543909392933230917, guid: 88295e93a032c4842b1aa7c88fe6c9a4, type: 3}
      propertyPath: m_SortingLayer
      value: 0
      objectReference: {fileID: 0}
    - target: {fileID: 3543909392933230917, guid: 88295e93a032c4842b1aa7c88fe6c9a4, type: 3}
      propertyPath: m_SortingLayerID
      value: 0
      objectReference: {fileID: 0}
    - target: {fileID: 3543909392933230917, guid: 88295e93a032c4842b1aa7c88fe6c9a4, type: 3}
      propertyPath: m_Materials.Array.data[0]
      value: 
      objectReference: {fileID: 2100000, guid: a97c105638bdf8b4a8650670310a4cd3, type: 2}
    - target: {fileID: 3878314687750981677, guid: 88295e93a032c4842b1aa7c88fe6c9a4, type: 3}
      propertyPath: m_Bounds.m_Center.x
      value: 0.14665869
      objectReference: {fileID: 0}
    - target: {fileID: 3878314687750981677, guid: 88295e93a032c4842b1aa7c88fe6c9a4, type: 3}
      propertyPath: m_Bounds.m_Center.y
      value: 0.020852804
      objectReference: {fileID: 0}
    - target: {fileID: 3878314687750981677, guid: 88295e93a032c4842b1aa7c88fe6c9a4, type: 3}
      propertyPath: m_Bounds.m_Extent.x
      value: 0.3993169
      objectReference: {fileID: 0}
    - target: {fileID: 3878314687750981677, guid: 88295e93a032c4842b1aa7c88fe6c9a4, type: 3}
      propertyPath: m_Bounds.m_Extent.y
      value: 0.370771
      objectReference: {fileID: 0}
    - target: {fileID: 4717436678147705354, guid: 88295e93a032c4842b1aa7c88fe6c9a4, type: 3}
      propertyPath: m_SortingLayer
      value: 0
      objectReference: {fileID: 0}
    - target: {fileID: 4717436678147705354, guid: 88295e93a032c4842b1aa7c88fe6c9a4, type: 3}
      propertyPath: m_SortingLayerID
      value: 0
      objectReference: {fileID: 0}
    - target: {fileID: 4717436678147705354, guid: 88295e93a032c4842b1aa7c88fe6c9a4, type: 3}
      propertyPath: m_Materials.Array.data[0]
      value: 
      objectReference: {fileID: 2100000, guid: a97c105638bdf8b4a8650670310a4cd3, type: 2}
    - target: {fileID: 4793495322945590951, guid: 88295e93a032c4842b1aa7c88fe6c9a4, type: 3}
      propertyPath: m_LocalScale.x
      value: 1
      objectReference: {fileID: 0}
    - target: {fileID: 4793495322945590951, guid: 88295e93a032c4842b1aa7c88fe6c9a4, type: 3}
      propertyPath: m_LocalScale.y
      value: 1
      objectReference: {fileID: 0}
    - target: {fileID: 4793495322945590951, guid: 88295e93a032c4842b1aa7c88fe6c9a4, type: 3}
      propertyPath: m_LocalScale.z
      value: 1
      objectReference: {fileID: 0}
    - target: {fileID: 4793495322945590951, guid: 88295e93a032c4842b1aa7c88fe6c9a4, type: 3}
      propertyPath: m_LocalPosition.x
      value: 0.312467
      objectReference: {fileID: 0}
    - target: {fileID: 4793495322945590951, guid: 88295e93a032c4842b1aa7c88fe6c9a4, type: 3}
      propertyPath: m_LocalPosition.y
      value: 0.9567807
      objectReference: {fileID: 0}
    - target: {fileID: 4793495322945590951, guid: 88295e93a032c4842b1aa7c88fe6c9a4, type: 3}
      propertyPath: m_LocalRotation.w
      value: 0.7234718
      objectReference: {fileID: 0}
    - target: {fileID: 4793495322945590951, guid: 88295e93a032c4842b1aa7c88fe6c9a4, type: 3}
      propertyPath: m_LocalRotation.x
      value: 0
      objectReference: {fileID: 0}
    - target: {fileID: 4793495322945590951, guid: 88295e93a032c4842b1aa7c88fe6c9a4, type: 3}
      propertyPath: m_LocalRotation.y
      value: 0
      objectReference: {fileID: 0}
    - target: {fileID: 4793495322945590951, guid: 88295e93a032c4842b1aa7c88fe6c9a4, type: 3}
      propertyPath: m_LocalRotation.z
      value: 0.690354
      objectReference: {fileID: 0}
    - target: {fileID: 4793495322945590951, guid: 88295e93a032c4842b1aa7c88fe6c9a4, type: 3}
      propertyPath: m_LocalEulerAnglesHint.z
      value: 87.316
      objectReference: {fileID: 0}
    - target: {fileID: 4962873364864040847, guid: 88295e93a032c4842b1aa7c88fe6c9a4, type: 3}
      propertyPath: m_SortingLayer
      value: 0
      objectReference: {fileID: 0}
    - target: {fileID: 4962873364864040847, guid: 88295e93a032c4842b1aa7c88fe6c9a4, type: 3}
      propertyPath: m_SortingLayerID
      value: 0
      objectReference: {fileID: 0}
    - target: {fileID: 4962873364864040847, guid: 88295e93a032c4842b1aa7c88fe6c9a4, type: 3}
      propertyPath: m_Materials.Array.data[0]
      value: 
      objectReference: {fileID: 2100000, guid: a97c105638bdf8b4a8650670310a4cd3, type: 2}
    - target: {fileID: 5055380261703676161, guid: 88295e93a032c4842b1aa7c88fe6c9a4, type: 3}
      propertyPath: m_IsActive
      value: 1
      objectReference: {fileID: 0}
    - target: {fileID: 5105092247050732630, guid: 88295e93a032c4842b1aa7c88fe6c9a4, type: 3}
      propertyPath: m_SortingLayer
      value: 0
      objectReference: {fileID: 0}
    - target: {fileID: 5105092247050732630, guid: 88295e93a032c4842b1aa7c88fe6c9a4, type: 3}
      propertyPath: m_SortingLayerID
      value: 0
      objectReference: {fileID: 0}
    - target: {fileID: 5105092247050732630, guid: 88295e93a032c4842b1aa7c88fe6c9a4, type: 3}
      propertyPath: m_Materials.Array.data[0]
      value: 
      objectReference: {fileID: 2100000, guid: a97c105638bdf8b4a8650670310a4cd3, type: 2}
    - target: {fileID: 5120384227482325458, guid: 88295e93a032c4842b1aa7c88fe6c9a4, type: 3}
      propertyPath: m_Bounds.m_Center.x
      value: 0.0025040507
      objectReference: {fileID: 0}
    - target: {fileID: 5120384227482325458, guid: 88295e93a032c4842b1aa7c88fe6c9a4, type: 3}
      propertyPath: m_Bounds.m_Center.y
      value: 0.0020000339
      objectReference: {fileID: 0}
    - target: {fileID: 5303265743409295104, guid: 88295e93a032c4842b1aa7c88fe6c9a4, type: 3}
      propertyPath: m_Bounds.m_Center.x
      value: 0.0014107674
      objectReference: {fileID: 0}
    - target: {fileID: 5303265743409295104, guid: 88295e93a032c4842b1aa7c88fe6c9a4, type: 3}
      propertyPath: m_Bounds.m_Center.y
      value: 0.0023320336
      objectReference: {fileID: 0}
    - target: {fileID: 5303265743409295104, guid: 88295e93a032c4842b1aa7c88fe6c9a4, type: 3}
      propertyPath: m_Bounds.m_Extent.x
      value: 0.051574
      objectReference: {fileID: 0}
    - target: {fileID: 5303265743409295104, guid: 88295e93a032c4842b1aa7c88fe6c9a4, type: 3}
      propertyPath: m_Bounds.m_Extent.y
      value: 0.027667986
      objectReference: {fileID: 0}
    - target: {fileID: 5949326640802254371, guid: 88295e93a032c4842b1aa7c88fe6c9a4, type: 3}
      propertyPath: m_LocalPosition.x
      value: 1.035535
      objectReference: {fileID: 0}
    - target: {fileID: 5949326640802254371, guid: 88295e93a032c4842b1aa7c88fe6c9a4, type: 3}
      propertyPath: m_LocalPosition.y
      value: 0.2908495
      objectReference: {fileID: 0}
    - target: {fileID: 5949326640802254371, guid: 88295e93a032c4842b1aa7c88fe6c9a4, type: 3}
      propertyPath: m_LocalRotation.w
      value: 0.9854079
      objectReference: {fileID: 0}
    - target: {fileID: 5949326640802254371, guid: 88295e93a032c4842b1aa7c88fe6c9a4, type: 3}
      propertyPath: m_LocalRotation.x
      value: 0
      objectReference: {fileID: 0}
    - target: {fileID: 5949326640802254371, guid: 88295e93a032c4842b1aa7c88fe6c9a4, type: 3}
      propertyPath: m_LocalRotation.y
      value: 0
      objectReference: {fileID: 0}
    - target: {fileID: 5949326640802254371, guid: 88295e93a032c4842b1aa7c88fe6c9a4, type: 3}
      propertyPath: m_LocalRotation.z
      value: -0.1702096
      objectReference: {fileID: 0}
    - target: {fileID: 5949326640802254371, guid: 88295e93a032c4842b1aa7c88fe6c9a4, type: 3}
      propertyPath: m_LocalEulerAnglesHint.z
      value: 0
      objectReference: {fileID: 0}
    - target: {fileID: 6239017115312500988, guid: 88295e93a032c4842b1aa7c88fe6c9a4, type: 3}
      propertyPath: m_LocalPosition.x
      value: 0.31246698
      objectReference: {fileID: 0}
    - target: {fileID: 6239017115312500988, guid: 88295e93a032c4842b1aa7c88fe6c9a4, type: 3}
      propertyPath: m_LocalRotation.w
      value: 0.72347176
      objectReference: {fileID: 0}
    - target: {fileID: 6239017115312500988, guid: 88295e93a032c4842b1aa7c88fe6c9a4, type: 3}
      propertyPath: m_LocalRotation.x
      value: 0
      objectReference: {fileID: 0}
    - target: {fileID: 6239017115312500988, guid: 88295e93a032c4842b1aa7c88fe6c9a4, type: 3}
      propertyPath: m_LocalRotation.y
      value: 0
      objectReference: {fileID: 0}
    - target: {fileID: 6239017115312500988, guid: 88295e93a032c4842b1aa7c88fe6c9a4, type: 3}
      propertyPath: m_LocalRotation.z
      value: 0.69035405
      objectReference: {fileID: 0}
    - target: {fileID: 6239017115312500988, guid: 88295e93a032c4842b1aa7c88fe6c9a4, type: 3}
      propertyPath: m_LocalEulerAnglesHint.z
      value: 0
      objectReference: {fileID: 0}
    - target: {fileID: 6796080191609002874, guid: 88295e93a032c4842b1aa7c88fe6c9a4, type: 3}
      propertyPath: m_SortingLayer
      value: 0
      objectReference: {fileID: 0}
    - target: {fileID: 6796080191609002874, guid: 88295e93a032c4842b1aa7c88fe6c9a4, type: 3}
      propertyPath: m_SortingLayerID
      value: 0
      objectReference: {fileID: 0}
    - target: {fileID: 6796080191609002874, guid: 88295e93a032c4842b1aa7c88fe6c9a4, type: 3}
      propertyPath: m_Materials.Array.data[0]
      value: 
      objectReference: {fileID: 2100000, guid: a97c105638bdf8b4a8650670310a4cd3, type: 2}
    - target: {fileID: 6796658177129407920, guid: 88295e93a032c4842b1aa7c88fe6c9a4, type: 3}
      propertyPath: m_SortingLayer
      value: 0
      objectReference: {fileID: 0}
    - target: {fileID: 6796658177129407920, guid: 88295e93a032c4842b1aa7c88fe6c9a4, type: 3}
      propertyPath: m_SortingLayerID
      value: 0
      objectReference: {fileID: 0}
    - target: {fileID: 6796658177129407920, guid: 88295e93a032c4842b1aa7c88fe6c9a4, type: 3}
      propertyPath: m_Materials.Array.data[0]
      value: 
      objectReference: {fileID: 2100000, guid: a97c105638bdf8b4a8650670310a4cd3, type: 2}
    - target: {fileID: 7267842875473291723, guid: 88295e93a032c4842b1aa7c88fe6c9a4, type: 3}
      propertyPath: m_SortingLayer
      value: 0
      objectReference: {fileID: 0}
    - target: {fileID: 7267842875473291723, guid: 88295e93a032c4842b1aa7c88fe6c9a4, type: 3}
      propertyPath: m_SortingLayerID
      value: 0
      objectReference: {fileID: 0}
    - target: {fileID: 7267842875473291723, guid: 88295e93a032c4842b1aa7c88fe6c9a4, type: 3}
      propertyPath: m_Materials.Array.data[0]
      value: 
      objectReference: {fileID: 2100000, guid: a97c105638bdf8b4a8650670310a4cd3, type: 2}
    - target: {fileID: 7628262993203708582, guid: 88295e93a032c4842b1aa7c88fe6c9a4, type: 3}
      propertyPath: m_IsActive
      value: 1
      objectReference: {fileID: 0}
    - target: {fileID: 7784310510226090660, guid: 88295e93a032c4842b1aa7c88fe6c9a4, type: 3}
      propertyPath: m_SortingLayer
      value: 0
      objectReference: {fileID: 0}
    - target: {fileID: 7784310510226090660, guid: 88295e93a032c4842b1aa7c88fe6c9a4, type: 3}
      propertyPath: m_SortingLayerID
      value: 0
      objectReference: {fileID: 0}
    - target: {fileID: 7784310510226090660, guid: 88295e93a032c4842b1aa7c88fe6c9a4, type: 3}
      propertyPath: m_Materials.Array.data[0]
      value: 
      objectReference: {fileID: 2100000, guid: a97c105638bdf8b4a8650670310a4cd3, type: 2}
    - target: {fileID: 7849804893079529879, guid: 88295e93a032c4842b1aa7c88fe6c9a4, type: 3}
      propertyPath: m_SortingLayer
      value: 0
      objectReference: {fileID: 0}
    - target: {fileID: 7849804893079529879, guid: 88295e93a032c4842b1aa7c88fe6c9a4, type: 3}
      propertyPath: m_SortingLayerID
      value: 0
      objectReference: {fileID: 0}
    - target: {fileID: 7849804893079529879, guid: 88295e93a032c4842b1aa7c88fe6c9a4, type: 3}
      propertyPath: m_Materials.Array.data[0]
      value: 
      objectReference: {fileID: 2100000, guid: a97c105638bdf8b4a8650670310a4cd3, type: 2}
    - target: {fileID: 8035454568883452953, guid: 88295e93a032c4842b1aa7c88fe6c9a4, type: 3}
      propertyPath: m_IsActive
      value: 1
      objectReference: {fileID: 0}
    - target: {fileID: 8185442020054256929, guid: 88295e93a032c4842b1aa7c88fe6c9a4, type: 3}
      propertyPath: m_RootOrder
      value: 0
      objectReference: {fileID: 0}
    - target: {fileID: 8185442020054256929, guid: 88295e93a032c4842b1aa7c88fe6c9a4, type: 3}
      propertyPath: m_LocalScale.x
      value: 1
      objectReference: {fileID: 0}
    - target: {fileID: 8185442020054256929, guid: 88295e93a032c4842b1aa7c88fe6c9a4, type: 3}
      propertyPath: m_LocalScale.y
      value: 1
      objectReference: {fileID: 0}
    - target: {fileID: 8185442020054256929, guid: 88295e93a032c4842b1aa7c88fe6c9a4, type: 3}
      propertyPath: m_LocalPosition.x
      value: 130.3
      objectReference: {fileID: 0}
    - target: {fileID: 8185442020054256929, guid: 88295e93a032c4842b1aa7c88fe6c9a4, type: 3}
      propertyPath: m_LocalPosition.y
      value: -38
      objectReference: {fileID: 0}
    - target: {fileID: 8185442020054256929, guid: 88295e93a032c4842b1aa7c88fe6c9a4, type: 3}
      propertyPath: m_LocalPosition.z
      value: 0
      objectReference: {fileID: 0}
    - target: {fileID: 8185442020054256929, guid: 88295e93a032c4842b1aa7c88fe6c9a4, type: 3}
      propertyPath: m_LocalRotation.w
      value: 1
      objectReference: {fileID: 0}
    - target: {fileID: 8185442020054256929, guid: 88295e93a032c4842b1aa7c88fe6c9a4, type: 3}
      propertyPath: m_LocalRotation.x
      value: 0
      objectReference: {fileID: 0}
    - target: {fileID: 8185442020054256929, guid: 88295e93a032c4842b1aa7c88fe6c9a4, type: 3}
      propertyPath: m_LocalRotation.y
      value: 0
      objectReference: {fileID: 0}
    - target: {fileID: 8185442020054256929, guid: 88295e93a032c4842b1aa7c88fe6c9a4, type: 3}
      propertyPath: m_LocalRotation.z
      value: 0
      objectReference: {fileID: 0}
    - target: {fileID: 8185442020054256929, guid: 88295e93a032c4842b1aa7c88fe6c9a4, type: 3}
      propertyPath: m_LocalEulerAnglesHint.x
      value: 0
      objectReference: {fileID: 0}
    - target: {fileID: 8185442020054256929, guid: 88295e93a032c4842b1aa7c88fe6c9a4, type: 3}
      propertyPath: m_LocalEulerAnglesHint.y
      value: 0
      objectReference: {fileID: 0}
    - target: {fileID: 8185442020054256929, guid: 88295e93a032c4842b1aa7c88fe6c9a4, type: 3}
      propertyPath: m_LocalEulerAnglesHint.z
      value: 0
      objectReference: {fileID: 0}
    - target: {fileID: 8368465224237085408, guid: 88295e93a032c4842b1aa7c88fe6c9a4, type: 3}
      propertyPath: m_LocalPosition.x
      value: 1.131817
      objectReference: {fileID: 0}
    - target: {fileID: 8368465224237085408, guid: 88295e93a032c4842b1aa7c88fe6c9a4, type: 3}
      propertyPath: m_LocalPosition.y
      value: 0.4674425
      objectReference: {fileID: 0}
    - target: {fileID: 8368465224237085408, guid: 88295e93a032c4842b1aa7c88fe6c9a4, type: 3}
      propertyPath: m_LocalRotation.w
      value: 0.9845197
      objectReference: {fileID: 0}
    - target: {fileID: 8368465224237085408, guid: 88295e93a032c4842b1aa7c88fe6c9a4, type: 3}
      propertyPath: m_LocalRotation.x
      value: 0
      objectReference: {fileID: 0}
    - target: {fileID: 8368465224237085408, guid: 88295e93a032c4842b1aa7c88fe6c9a4, type: 3}
      propertyPath: m_LocalRotation.y
      value: 0
      objectReference: {fileID: 0}
    - target: {fileID: 8368465224237085408, guid: 88295e93a032c4842b1aa7c88fe6c9a4, type: 3}
      propertyPath: m_LocalRotation.z
      value: -0.1752743
      objectReference: {fileID: 0}
    - target: {fileID: 8368465224237085408, guid: 88295e93a032c4842b1aa7c88fe6c9a4, type: 3}
      propertyPath: m_LocalEulerAnglesHint.z
      value: 0
      objectReference: {fileID: 0}
    - target: {fileID: 9051560455204347562, guid: 88295e93a032c4842b1aa7c88fe6c9a4, type: 3}
      propertyPath: m_Name
      value: "\u58A9\u58A9\u4FA7\u9762\u4F18\u5316 Variant"
      objectReference: {fileID: 0}
    - target: {fileID: 9051560455204347562, guid: 88295e93a032c4842b1aa7c88fe6c9a4, type: 3}
      propertyPath: m_IsActive
      value: 1
      objectReference: {fileID: 0}
    - target: {fileID: 9108686509857894998, guid: 88295e93a032c4842b1aa7c88fe6c9a4, type: 3}
      propertyPath: m_Bounds.m_Center.x
      value: 0.0028967261
      objectReference: {fileID: 0}
    - target: {fileID: 9108686509857894998, guid: 88295e93a032c4842b1aa7c88fe6c9a4, type: 3}
      propertyPath: m_Bounds.m_Center.y
      value: -0.00003582239
      objectReference: {fileID: 0}
    - target: {fileID: 9108686509857894998, guid: 88295e93a032c4842b1aa7c88fe6c9a4, type: 3}
      propertyPath: m_Bounds.m_Extent.x
      value: 0.14766012
      objectReference: {fileID: 0}
    - target: {fileID: 9108686509857894998, guid: 88295e93a032c4842b1aa7c88fe6c9a4, type: 3}
      propertyPath: m_Bounds.m_Extent.y
      value: 0.3707322
      objectReference: {fileID: 0}
    m_RemovedComponents: []
  m_SourcePrefab: {fileID: 882570322889424539, guid: 88295e93a032c4842b1aa7c88fe6c9a4, type: 3}
--- !u!1 &4665136391310379009 stripped
GameObject:
  m_CorrespondingSourceObject: {fileID: 9051560455204347562, guid: 88295e93a032c4842b1aa7c88fe6c9a4, type: 3}
  m_PrefabInstance: {fileID: 4404659602770106027}
  m_PrefabAsset: {fileID: 0}
--- !u!4 &5528439797653429130 stripped
Transform:
  m_CorrespondingSourceObject: {fileID: 8185442020054256929, guid: 88295e93a032c4842b1aa7c88fe6c9a4, type: 3}
  m_PrefabInstance: {fileID: 4404659602770106027}
  m_PrefabAsset: {fileID: 0}
